% Dataset citation

@inproceedings{Houben-IJCNN-2013,
author = {Sebastian Houben and Johannes Stallkamp and Jan Salmen and Marc Schlipsing and Christian Igel},
booktitle = {International Joint Conference on Neural Networks (submitted)},
title = {Detection of Traffic Signs in Real-World Images: The {G}erman {T}raffic {S}ign {D}etection {B}enchmark},
year = {2013},
}

@inproceedings{Dalaltriggs,
 author = {Dalal, Navneet and Triggs, Bill},
 title = {Histograms of Oriented Gradients for Human Detection},
 booktitle = {Proceedings of the 2005 IEEE Computer Society Conference on Computer Vision and Pattern Recognition (CVPR'05) - Volume 1 - Volume 01},
 series = {CVPR '05},
 year = {2005},
 isbn = {0-7695-2372-2},
 pages = {886--893},
 numpages = {8},
 url = {http://dx.doi.org/10.1109/CVPR.2005.177},
 doi = {10.1109/CVPR.2005.177},
 acmid = {1069007},
 publisher = {IEEE Computer Society},
 address = {Washington, DC, USA},
} 

@misc{dataset,
  author = {Johannes Stallkamp and Jan Salmen and Marc Schlipsing and Christian Igel},
  title = {{The German Traffic Sign Detection Benchmark}},
  howpublished = "\url{http://benchmark.ini.rub.de/?section=gtsdb&subsection=dataset}",
  year = {2013}
}

@misc{scikithog,
  title = {{HOG}},
  howpublished = "\url{http://scikit-image.org/docs/dev/api/skimage.feature.html}",
  note = {Accessed: 2018-06-15}
}

@misc{sklearnsvm,
  title = {{C-Support Vector Classification}},
  howpublished = "\url{http://scikit-learn.org/stable/modules/generated/sklearn.svm.SVC.html}",
  note = {Accessed: 2018-06-15}
}

@article{DBLP:journals/corr/RenHG015,
  author    = {Shaoqing Ren and
               Kaiming He and
               Ross B. Girshick and
               Jian Sun},
  title     = {Faster {R-CNN:} Towards Real-Time Object Detection with Region Proposal
               Networks},
  journal   = {CoRR},
  volume    = {abs/1506.01497},
  year      = {2015},
  url       = {http://arxiv.org/abs/1506.01497},
  archivePrefix = {arXiv},
  eprint    = {1506.01497},
  timestamp = {Wed, 07 Jun 2017 14:42:40 +0200},
  biburl    = {https://dblp.org/rec/bib/journals/corr/RenHG015},
  bibsource = {dblp computer science bibliography, https://dblp.org}
}

