% Dataset citation

@inproceedings{Houben-IJCNN-2013,
author = {Sebastian Houben and Johannes Stallkamp and Jan Salmen and Marc Schlipsing and Christian Igel},
booktitle = {International Joint Conference on Neural Networks (submitted)},
title = {Detection of Traffic Signs in Real-World Images: The {G}erman {T}raffic {S}ign {D}etection {B}enchmark},
year = {2013},
}

@misc{dataset,
  author = {Johannes Stallkamp and Jan Salmen and Marc Schlipsing and Christian Igel},
  title = {{The German Traffic Sign Detection Benchmark}},
  howpublished = "\url{http://benchmark.ini.rub.de/?section=gtsdb&subsection=dataset}",
  year = {2013}
}

@misc{scikithog,
  title = {{HOG}},
  howpublished = "\url{http://scikit-image.org/docs/dev/api/skimage.feature.html}",
  note = {Accessed: 2018-06-15}
}

@misc{sklearnsvm,
  title = {{C-Support Vector Classification}},
  howpublished = "\url{http://scikit-learn.org/stable/modules/generated/sklearn.svm.SVC.html}",
  note = {Accessed: 2018-06-15}
}

